@article{Krupa:2020bwg,
    author = "Krupa, Jeffrey and others",
    title = "{GPU coprocessors as a service for deep learning inference in high energy physics}",
    eprint = "2007.10359",
    archivePrefix = "arXiv",
    primaryClass = "physics.comp-ph",
    reportNumber = "FERMILAB-PUB-20-338-E-SCD",
    doi = "10.1088/2632-2153/abec21",
    journal = "Mach. Learn. Sci. Tech.",
    volume = "2",
    pages = "035005",
    year = "2021"
}

@article{CMS:2019ctu,
      author         = "Sirunyan, Albert M and others",
      title          = "Performance of missing transverse momentum
                        reconstruction in proton-proton collisions at {$\sqrt{s}=13\TeV$} using the {CMS} detector",
      collaboration  = "CMS",
      journal        = "JINST",
      volume         = "14",
      year           = "2019",
      pages          = "P07004",
      doi            = "10.1088/1748-0221/14/07/P07004",
      eprint         = "1903.06078",
      archivePrefix  = "arXiv",
      primaryClass   = "hep-ex",
      reportNumber   = "CMS-JME-17-001, CERN-EP-2018-335",
      SLACcitation   = "%%CITATION = ARXIV:1903.06078;%%"
}

@article{Duarte:2019fta,
    author = "Duarte, Javier and others",
    title = "{FPGA-accelerated machine learning inference as a service for particle physics computing}",
    eprint = "1904.08986",
    archivePrefix = "arXiv",
    primaryClass = "physics.data-an",
    reportNumber = "FERMILAB-PUB-19-170-CD-CMS-E-ND",
    doi = "10.1007/s41781-019-0027-2",
    journal = "Comput. Softw. Big Sci.",
    volume = "3",
    pages = "13",
    year = "2019"
}

@article{Wang:2020fjr,
    author = "Wang, Michael and Yang, Tingjun and Acosta Flechas, Maria and Harris, Philip and Hawks, Benjamin and Holzman, Burt and Knoepfel, Kyle and Krupa, Jeffrey and Pedro, Kevin and Tran, Nhan",
    title = "{GPU-Accelerated Machine Learning Inference as a Service for Computing in Neutrino Experiments}",
    eprint = "2009.04509",
    archivePrefix = "arXiv",
    primaryClass = "physics.comp-ph",
    reportNumber = "FERMILAB-PUB-20-428-ND-SCD",
    doi = "10.3389/fdata.2020.604083",
    journal = "Front. Big Data",
    volume = "3",
    pages = "604083",
    year = "2021"
}

@article{Qu:2019gqs,
    author = "Qu, Huilin and Gouskos, Loukas",
    title = "{ParticleNet: Jet Tagging via Particle Clouds}",
    eprint = "1902.08570",
    archivePrefix = "arXiv",
    primaryClass = "hep-ph",
    doi = "10.1103/PhysRevD.101.056019",
    journal = "Phys. Rev. D",
    volume = "101",
    pages = "056019",
    year = "2020"
}

@article{CMS:2022prd,
    collaboration = "CMS",
    title = "{Identification of hadronic tau lepton decays using a deep neural network}",
    eprint = "2201.08458",
    archivePrefix = "arXiv",
    primaryClass = "hep-ex",
    reportNumber = "CMS-TAU-20-001, CERN-EP-2021-257",
    doi = "10.1088/1748-0221/17/07/P07023",
    journal = "JINST",
    volume = "17",
    pages = "P07023",
    year = "2022"
}

@article{Evans:2008zzb,
    author = "Evans, Lyndon and Bryant, Philip",
    title = "{LHC Machine}",
    doi = "10.1088/1748-0221/3/08/S08001",
    journal = "JINST",
    volume = "3",
    pages = "S08001",
    year = "2008"
}

@article{CMS:2008xjf,
    author = "Chatrchyan, S. and others",
    collaboration = "CMS",
    title = "{The CMS Experiment at the CERN LHC}",
    doi = "10.1088/1748-0221/3/08/S08004",
    journal = "JINST",
    volume = "3",
    pages = "S08004",
    year = "2008"
}

@article{ATLAS:2008xda,
    author = "Aad, G. and others",
    collaboration = "ATLAS",
    title = "{The ATLAS Experiment at the CERN Large Hadron Collider}",
    doi = "10.1088/1748-0221/3/08/S08003",
    journal = "JINST",
    volume = "3",
    pages = "S08003",
    year = "2008"
}

@article{ATLAS:2012yve,
    author = "Aad, Georges and others",
    collaboration = "ATLAS",
    title = "{Observation of a new particle in the search for the Standard Model Higgs boson with the ATLAS detector at the LHC}",
    eprint = "1207.7214",
    archivePrefix = "arXiv",
    primaryClass = "hep-ex",
    reportNumber = "CERN-PH-EP-2012-218",
    doi = "10.1016/j.physletb.2012.08.020",
    journal = "Phys. Lett. B",
    volume = "716",
    pages = "1",
    year = "2012"
}

@article{CMS:2012qbp,
    author = "Chatrchyan, Serguei and others",
    collaboration = "CMS",
    title = "{Observation of a New Boson at a Mass of 125 GeV with the CMS Experiment at the LHC}",
    eprint = "1207.7235",
    archivePrefix = "arXiv",
    primaryClass = "hep-ex",
    reportNumber = "CMS-HIG-12-028, CERN-PH-EP-2012-220",
    doi = "10.1016/j.physletb.2012.08.021",
    journal = "Phys. Lett. B",
    volume = "716",
    pages = "30",
    year = "2012"
}

@article{CMS_Higgs_2013,
	doi = {10.1007/jhep06(2013)081},
	url = {https://doi.org/10.1007/JHEP06(2013)081},
	year = 2013,
	month = {jun},
	publisher = {Springer Science and Business Media {LLC}},
	volume = {2013},
	number = {6},
	author = {The CMS Collaboration},
	title = {Observation of a new boson with mass near 125 {GeV} in pp collisions at {\textdollar} {\textbackslash}sqrt$\lbrace$s$\rbrace$=7 {\textdollar} and 8 {TeV}},
	journal = {JHEP}
}

@article{ATLAS:2021hza,
    author = "Aad, Georges and others",
    collaboration = "ATLAS",
    title = "{Search for new phenomena in events with two opposite-charge leptons, jets and missing transverse momentum in pp collisions at $ \sqrt{\mathrm{s}} $ = 13 TeV with the ATLAS detector}",
    eprint = "2102.01444",
    archivePrefix = "arXiv",
    primaryClass = "hep-ex",
    reportNumber = "CERN-EP-2020-243",
    doi = "10.1007/JHEP04(2021)165",
    journal = "JHEP",
    volume = "04",
    pages = "165",
    year = "2021"
}

@article{ATLAS:2021twp,
    author = "Aad, Georges and others",
    collaboration = "ATLAS",
    title = "{Search for squarks and gluinos in final states with one isolated lepton, jets, and missing transverse momentum at $\sqrt{s}=13\TeV$ with the ATLAS detector}",
    eprint = "2101.01629",
    archivePrefix = "arXiv",
    primaryClass = "hep-ex",
    reportNumber = "CERN-EP-2020-228",
    doi = "10.1140/epjc/s10052-021-09748-8",
    journal = "Eur. Phys. J. C",
    volume = "81",
    pages = "600",
    year = "2021",
    note = "[Erratum: \DOI{10.1140/epjc/s10052-021-09748-8}]"
}

@article{ATLAS:2021kxv,
    author = "Aad, Georges and others",
    collaboration = "ATLAS",
    title = "{Search for new phenomena in events with an energetic jet and missing transverse momentum in $pp$ collisions at $\sqrt {s} =13\TeV$ with the ATLAS detector}",
    eprint = "2102.10874",
    archivePrefix = "arXiv",
    primaryClass = "hep-ex",
    reportNumber = "CERN-EP-2020-238",
    doi = "10.1103/PhysRevD.103.112006",
    journal = "Phys. Rev. D",
    volume = "103",
    pages = "112006",
    year = "2021"
}

@article{CMS:2020fia,
    author = "Collaboration, The Cms and others",
    collaboration = "CMS",
    title = "{Search for supersymmetry in proton-proton collisions at $\sqrt{s} =$ 13 TeV in events with high-momentum Z bosons and missing transverse momentum}",
    eprint = "2008.04422",
    archivePrefix = "arXiv",
    primaryClass = "hep-ex",
    reportNumber = "CMS-SUS-19-013, CERN-EP-2020-149",
    doi = "10.1007/JHEP09(2020)149",
    journal = "JHEP",
    volume = "09",
    pages = "149",
    year = "2020"
}

@article{CMS:2021edw,
    author = "Tumasyan, Armen and others",
    collaboration = "CMS",
    title = "{Search for supersymmetry in final states with two or three soft leptons and missing transverse momentum in proton-proton collisions at $ \sqrt{s} $ = 13 TeV}",
    eprint = "2111.06296",
    archivePrefix = "arXiv",
    primaryClass = "hep-ex",
    reportNumber = "CMS-SUS-18-004, CERN-EP-2021-168",
    doi = "10.1007/JHEP04(2022)091",
    journal = "JHEP",
    volume = "04",
    pages = "091",
    year = "2022"
}

@article{CMS:2022vpy,
    author = "Tumasyan, Armen and others",
    collaboration = "CMS",
    title = "{Search for higgsinos decaying to two Higgs bosons and missing transverse momentum in proton-proton collisions at $ \sqrt{s} $ = 13 TeV}",
    eprint = "2201.04206",
    archivePrefix = "arXiv",
    primaryClass = "hep-ex",
    reportNumber = "CMS-SUS-20-004, CERN-EP-2021-214",
    doi = "10.1007/JHEP05(2022)014",
    journal = "JHEP",
    volume = "05",
    pages = "014",
    year = "2022"
}

@article{CMS:2022usq,
    collaboration = "CMS",
    title = "{Search for resonant and nonresonant production of pairs of dijet resonances in proton-proton collisions at $\sqrt{s} = 13\TeV$}",
    eprint = "2206.09997",
    archivePrefix = "arXiv",
    primaryClass = "hep-ex",
    reportNumber = "CMS-EXO-21-010, CERN-EP-2022-103",
    month = "6",
    year = "2022"
}

@article{CMS:2022qej,
    collaboration = "CMS",
    title = "{Search for long-lived particles decaying to a pair of muons in proton-proton collisions at $\sqrt{s} = 13\TeV$}",
    eprint = "2205.08582",
    archivePrefix = "arXiv",
    primaryClass = "hep-ex",
    reportNumber = "CMS-EXO-21-006, CERN-EP-2022-080",
    month = "5",
    year = "2022"
}

@article{ATLAS:2022ozf,
    author = "Aad, Georges and others",
    collaboration = "ATLAS",
    title = "{Search for single production of a vectorlike $T$ quark decaying into a Higgs boson and top quark with fully hadronic final states using the ATLAS detector}",
    eprint = "2201.07045",
    archivePrefix = "arXiv",
    primaryClass = "hep-ex",
    reportNumber = "CERN-EP-2021-249",
    doi = "10.1103/PhysRevD.105.092012",
    journal = "Phys. Rev. D",
    volume = "105",
    pages = "092012",
    year = "2022"
}

@article{ATLAS:2021wob,
    author = "Aad, Georges and others",
    collaboration = "ATLAS",
    title = "{Search for new phenomena in three- or four-lepton events in $pp$ collisions at $\sqrt s$ =13 TeV with the ATLAS detector}",
    eprint = "2107.00404",
    archivePrefix = "arXiv",
    primaryClass = "hep-ex",
    reportNumber = "CERN-EP-2021-063",
    doi = "10.1016/j.physletb.2021.136832",
    journal = "Phys. Lett. B",
    volume = "824",
    pages = "136832",
    year = "2022"
}

@article{CMS:2016ngn,
    author = "Khachatryan, Vardan and others",
    collaboration = "CMS",
    title = "{The CMS trigger system}",
    eprint = "1609.02366",
    archivePrefix = "arXiv",
    primaryClass = "physics.ins-det",
    reportNumber = "CMS-TRG-12-001, CERN-EP-2016-160",
    doi = "10.1088/1748-0221/12/01/P01020",
    journal = "JINST",
    volume = "12",
    pages = "P01020",
    year = "2017"
}

@article{ATLAS:2020esi,
    author = "Aad, Georges and others",
    collaboration = "ATLAS",
    title = "{Operation of the ATLAS trigger system in Run 2}",
    eprint = "2007.12539",
    archivePrefix = "arXiv",
    primaryClass = "physics.ins-det",
    reportNumber = "CERN-EP-2020-109",
    doi = "10.1088/1748-0221/15/10/P10004",
    journal = "JINST",
    volume = "15",
    pages = "P10004",
    year = "2020"
}

@techreport{CMS_computing_plot,
      author        = "{CMS Collaboration}",
      collaboration = "CMS",
      title         = "{The Phase-2 Upgrade of the CMS Data Acquisition and High
                       Level Trigger}",
      type = "{CMS Technical Design Report}",
      number  = "CERN-LHCC-2021-007, CMS-TDR-022",
      year          = "2021",
      url           = "https://cds.cern.ch/record/2759072",
}

@techreport{ATLAS_computing_plot,
      author        = "{ATLAS Collaboration}",
      collaboration = "ATLAS",
      type = "{LHCC Public Document}",
      title         = "{ATLAS Software and Computing HL-LHC Roadmap}",
      number  = "CERN-LHCC-2022-005, LHCC-G-182",
      year          = "2022",
      url           = "http://cds.cern.ch/record/2802918",
}

@article{Bocci:2020pmi,
    author = "Bocci, Andrea and Innocente, Vincenzo and Kortelainen, Matti and Pantaleo, Felice and Rovere, Marco",
    title = "{Heterogeneous Reconstruction of Tracks and Primary Vertices With the CMS Pixel Tracker}",
    eprint = "2008.13461",
    archivePrefix = "arXiv",
    primaryClass = "physics.ins-det",
    reportNumber = "FERMILAB-PUB-20-546-SCD",
    doi = "10.3389/fdata.2020.601728",
    journal = "Front. Big Data",
    volume = "3",
    pages = "601728",
    year = "2020"
}

@article{Guest:2018yhq,
    author = "Guest, Dan and Cranmer, Kyle and Whiteson, Daniel",
    title = "{Deep Learning and its Application to LHC Physics}",
    eprint = "1806.11484",
    archivePrefix = "arXiv",
    primaryClass = "hep-ex",
    doi = "10.1146/annurev-nucl-101917-021019",
    journal = "Ann. Rev. Nucl. Part. Sci.",
    volume = "68",
    pages = "161",
    year = "2018"
}

@article{Albertsson:2018maf,
    author = "Albertsson, Kim and others",
    title = "{Machine Learning in High Energy Physics Community White Paper}",
    eprint = "1807.02876",
    archivePrefix = "arXiv",
    primaryClass = "physics.comp-ph",
    reportNumber = "FERMILAB-PUB-18-318-CD-DI-PPD",
    doi = "10.1088/1742-6596/1085/2/022008",
    journal = "J. Phys. Conf. Ser.",
    volume = "1085",
    pages = "022008",
    year = "2018"
}

@article{Bourilkov:2019yoi,
    author = "Bourilkov, Dimitri",
    title = "{Machine and Deep Learning Applications in Particle Physics}",
    eprint = "1912.08245",
    archivePrefix = "arXiv",
    primaryClass = "physics.data-an",
    doi = "10.1142/S0217751X19300199",
    journal = "Int. J. Mod. Phys. A",
    volume = "34",
    pages = "1930019",
    year = "2020"
}

@article{Larkoski:2017jix,
    author = "Larkoski, Andrew J. and Moult, Ian and Nachman, Benjamin",
    title = "{Jet Substructure at the Large Hadron Collider: A Review of Recent Advances in Theory and Machine Learning}",
    eprint = "1709.04464",
    archivePrefix = "arXiv",
    primaryClass = "hep-ph",
    doi = "10.1016/j.physrep.2019.11.001",
    journal = "Phys. Rept.",
    volume = "841",
    pages = "1",
    year = "2020"
}

@article{Petrucciani:2015gjw,
    author = "Petrucciani, Giovanni and Rizzi, Andrea and Vuosalo, Carl",
    collaboration = "CMS",
    title = "{Mini-AOD: A New Analysis Data Format for CMS}",
    eprint = "1702.04685",
    archivePrefix = "arXiv",
    primaryClass = "physics.ins-det",
    reportNumber = "CMS-CR-2015-052",
    doi = "10.1088/1742-6596/664/7/072052",
    journal = "J. Phys. Conf. Ser.",
    volume = "664",
    pages = "7",
    year = "2015"
}

@book{Bayatian:922757,
      author        = "CMS Collaboration",
      title         = "{CMS Physics: Technical Design Report Volume 1: Detector
                       Performance and Software}",
      publisher     = "CERN",
      address       = "Geneva",
      series        = "Technical design report. CMS",
      year          = "2006",
      url           = "http://cds.cern.ch/record/922757",
}

@article{Sirunyan:2020lcu,
  archiveprefix = {arXiv},
  author        = {Sirunyan, Albert M and others},
  collaboration = {CMS},
  doi           = {10.1088/1748-0221/15/06/P06005},
  eprint        = {2004.08262},
  journal       = {JINST},
  pages         = {P06005},
  primaryclass  = {hep-ex},
  reportnumber  = {CMS-JME-18-002, CERN-EP-2020-037},
  title         = {{Identification of heavy, energetic, hadronically decaying particles using machine-learning techniques}},
  volume        = {15},
  year          = {2020}
}

@techreport{CMS-DP-2020-002,
  collaboration = {CMS},
  number        = {CMS-DP-2020-002},
  title         = {{Identification of highly Lorentz-boosted heavy particles
                   using graph neural networks and new mass decorrelation
                   techniques}},
  type          = {CMS Detector Performance Note},
  url           = {https://cds.cern.ch/record/2707946},
  year          = {2020}
}

@techreport{CMS-DP-2021-017,
  collaboration = {CMS},
  number        = {CMS-DP-2021-017},
  title         = {{Mass regression of highly-boosted jets using graph neural
                   networks}},
  type          = {CMS Detector Performance Note},
  url           = {https://cds.cern.ch/record/2777006},
  year          = {2021}
}


@article{Cacciari:2011ma,
  archiveprefix = {arXiv},
  author        = {Cacciari, Matteo and Salam, Gavin P. and Soyez, Gregory},
  doi           = {10.1140/epjc/s10052-012-1896-2},
  eprint        = {1111.6097},
  journal       = {Eur. Phys. J. C},
  pages         = {1896},
  primaryclass  = {hep-ph},
  reportnumber  = {CERN-PH-TH-2011-297},
  title         = {{FastJet} user manual},
  volume        = {72},
  year          = {2012}
}

@article{CMS:2006myw,
    author = "Bayatian, G. L. and others",
    collaboration = "CMS",
    title = "{CMS Physics}: {Technical Design Report Volume 1: Detector Performance and Software}",
    reportNumber = "CERN-LHCC-2006-001, CMS-TDR-8-1, CERN-LHCC-2006-001, CMS-TDR-8-1",
    year = "2006"
}

@misc{Graphcore,
  author = {Graphcore},
  title = {Intelligence Processing Unit},
  howpublished = {\url{https://www.graphcore.ai/products/ipu}},
  note = {Accessed: 2022-09-06}
}

@misc{IPU_Perf,
  doi = {10.48550/ARXIV.1912.03413},
  url = {https://arxiv.org/abs/1912.03413},
  author = {Jia, Zhe and Tillman, Blake and Maggioni, Marco and Scarpazza, Daniele Paolo},  
  title = {Dissecting the Graphcore IPU Architecture via Microbenchmarking},
  eprint = "1912.03413",
  archivePrefix = "arXiv",
  primaryClass = "cs.DC",
  year = {2019},
}

@misc{ResNet50,
  doi = {10.48550/ARXIV.1512.03385},
  url = {https://arxiv.org/abs/1512.03385},
  author = {He, Kaiming and Zhang, Xiangyu and Ren, Shaoqing and Sun, Jian},  
  title = {Deep Residual Learning for Image Recognition},
  eprint = "1512.03385",
  archivePrefix = "arXiv",
  primaryClass = "cs.CV",
  year = {2015},
}

@misc{SONIC_origin,
  author = {Kevin Pedro},
  title = {SonicCMS},
  howpublished = {\url{https://github.com/fastmachinelearning/SonicCMS}},
  note = {Accessed: 2022-09-06}
}

@misc{SONIC_cms,
  author = {Kevin Pedro and others},
  title = {SonicCore},
  howpublished = {\url{https://github.com/cms-sw/cmssw/tree/master/HeterogeneousCore/SonicCore}},
  note = {Accessed: 2022-09-06}
}

@misc{SONIC_cms_triton,
  author = {Kevin Pedro and others},
  title = {SonicTriton},
  howpublished = {\url{https://github.com/cms-sw/cmssw/tree/master/HeterogeneousCore/SonicTriton}},
  note = {Accessed: 2022-09-06}
}

@mastersthesis{deepcalo,
title={Energy reconstruction of electrons and photons using convolutional neural networks},
author={Frederik G. Faye},
year={2019},
school={University of Copenhagen},
}

@article{DUNE:2020cqd,
    author = "Abi, B. and others",
    collaboration = "DUNE",
    title = "{First results on ProtoDUNE-SP liquid argon time projection chamber performance from a beam test at the CERN Neutrino Platform}",
    eprint = "2007.06722",
    archivePrefix = "arXiv",
    primaryClass = "physics.ins-det",
    reportNumber = "FERMILAB-PUB-20-059-AD-ESH-LBNF-ND-SCD, CERN-EP-2020-125",
    doi = "10.1088/1748-0221/15/12/P12004",
    journal = "JINST",
    volume = "15",
    pages = "P12004",
    year = "2020"
}

@article{ALICE:2018phe,
    author = "Acharya, Shreyasi and others",
    collaboration = "ALICE",
    title = "{Real-time data processing in the ALICE High Level Trigger at the LHC}",
    eprint = "1812.08036",
    archivePrefix = "arXiv",
    primaryClass = "physics.ins-det",
    reportNumber = "CERN-EP-2018-337",
    doi = "10.1016/j.cpc.2019.04.011",
    journal = "Comput. Phys. Commun.",
    volume = "242",
    pages = "25",
    year = "2019"
}


@article{Aaij:2019zbu,
    author = "Aaij, Roel and others",
    title = "{Allen: A high level trigger on GPUs for LHCb}",
    eprint = "1912.09161",
    archivePrefix = "arXiv",
    primaryClass = "physics.ins-det",
    doi = "10.1007/s41781-020-00039-7",
    journal = "Comput. Softw. Big Sci.",
    volume = "4",
    pages = "7",
    year = "2020"
}

@article{IceCube_tracking,
title = {Photon tracking with GPUs in IceCube},
journal = {Nuclear Instruments and Methods in Physics Research Section A: Accelerators, Spectrometers, Detectors and Associated Equipment},
volume = {725},
pages = {141-143},
year = {2013},
issn = {0168-9002},
doi = {https://doi.org/10.1016/j.nima.2012.11.170},
url = {https://www.sciencedirect.com/science/article/pii/S0168900212015173},
author = {Dmitry Chirkin}
}

@article{VomBruch:2020plx,
    author = "Vom Bruch, D.",
    title = "{Real-time data processing with GPUs in high energy physics}",
    eprint = "2003.11491",
    archivePrefix = "arXiv",
    primaryClass = "physics.ins-det",
    doi = "10.1088/1748-0221/15/06/C06010",
    journal = "JINST",
    volume = "15",
    pages = "C06010",
    year = "2020"
}

@article{Funke:2014dga,
    author = "Funke, Daniel and Hauth, Thomas and Innocente, V. and Quast, G. and Sanders, P. and Schieferdecker, D.",
    editor = "Groep, D. L. and Bonacorsi, D.",
    title = "{Parallel track reconstruction in CMS using the cellular automaton approach}",
    doi = "10.1088/1742-6596/513/5/052010",
    journal = "J. Phys. Conf. Ser.",
    volume = "513",
    pages = "052010",
    year = "2014"
}

@inproceedings{Pantaleo:2016ery,
    author = "Pantaleo, F. and Cappello, G. and Hegner, B. and Innocente, V. and Meyer, A. B. and Pfeiffer, A. and Rovere, M. and Schmidt, A.",
    title = "{Development of a phase-II track trigger based on GPUs for the CMS experiment}",
    booktitle = "{2015 IEEE Nuclear Science Symposium and Medical Imaging Conference}",
    doi = "10.1109/NSSMIC.2015.7581775",
    pages = "7581775",
    year = "2016"
}

@article{Bocci:2020olh,
    author = "Bocci, Andrea and Dagenhart, David and Innocente, Vincenzo and Jones, Christopher and Kortelainen, Matti and Pantaleo, Felice and Rovere, Marco",
    editor = "Doglioni, C. and Kim, D. and Stewart, G. A. and Silvestris, L. and Jackson, P. and Kamleh, W.",
    title = "{Bringing heterogeneity to the CMS software framework}",
    eprint = "2004.04334",
    archivePrefix = "arXiv",
    primaryClass = "physics.comp-ph",
    reportNumber = "FERMILAB-CONF-19-545-SCD, CMS-CR-2020-033",
    doi = "10.1051/epjconf/202024505009",
    journal = "EPJ Web Conf.",
    volume = "245",
    pages = "05009",
    year = "2020"
}

@INPROCEEDINGS{Brainwave,
  author={Caulfield, Adrian M. and Chung, Eric S. and Putnam, Andrew and Angepat, Hari and Fowers, Jeremy and Haselman, Michael and Heil, Stephen and Humphrey, Matt and Kaur, Puneet and Kim, Joo-Young and Lo, Daniel and Massengill, Todd and Ovtcharov, Kalin and Papamichael, Michael and Woods, Lisa and Lanka, Sitaram and Chiou, Derek and Burger, Doug},
  booktitle={2016 49th Annual IEEE/ACM International Symposium on Microarchitecture (MICRO)}, 
  title={A cloud-scale acceleration architecture}, 
  year={2016},
  volume={},
  number={},
  pages={1},
  doi={10.1109/MICRO.2016.7783710}
 }


@article{CMS:2020uim,
    author = "Sirunyan, Albert M and others",
    collaboration = "CMS",
    title = "{Electron and photon reconstruction and identification with the CMS experiment at the CERN LHC}",
    eprint = "2012.06888",
    archivePrefix = "arXiv",
    primaryClass = "hep-ex",
    reportNumber = "CMS-EGM-17-001, CERN-EP-2020-219",
    doi = "10.1088/1748-0221/16/05/P05014",
    journal = "JINST",
    volume = "16",
    pages = "P05014",
    year = "2021"
}

@article{CMS:2014pgm,
    author = "Chatrchyan, Serguei and others",
    collaboration = "CMS",
    title = "{Description and performance of track and primary-vertex reconstruction with the CMS tracker}",
    eprint = "1405.6569",
    archivePrefix = "arXiv",
    primaryClass = "physics.ins-det",
    reportNumber = "CMS-TRK-11-001, CERN-PH-EP-2014-070",
    doi = "10.1088/1748-0221/9/10/P10009",
    journal = "JINST",
    volume = "9",
    pages = "P10009",
    year = "2014"
}

@article{CMS:2017yfk,
    author = "Sirunyan, A. M. and others",
    collaboration = "CMS",
    title = "{Particle-flow reconstruction and global event description with the CMS detector}",
    eprint = "1706.04965",
    archivePrefix = "arXiv",
    primaryClass = "physics.ins-det",
    reportNumber = "CMS-PRF-14-001, CERN-EP-2017-110",
    doi = "10.1088/1748-0221/12/10/P10003",
    journal = "JINST",
    volume = "12",
    pages = "P10003",
    year = "2017"
}


@misc{tbb,
  author = {oneTBB},
  title = {oneAPI Threading Building Blocks},
  howpublished = {\url{https://github.com/oneapi-src/oneTBB}},
  note = {Accessed: 2022-09-06}
}

@misc{gRPC,
  author = {gRPC Authors},
  title = {gRPC},
  howpublished = {\url{https://grpc.io/}},
  note = {Accessed: 2022-09-06}
}

@misc{triton,
  author = {NVIDIA},
  title = {NVIDIA Triton Inference Server},
  howpublished = {\url{https://docs.nvidia.com/deeplearning/triton-inference-server/user-guide/index.html}},
  note = {Accessed: 2022-09-07}
}

@misc{triton_readme,
  author = {NVIDIA},
  title = {NVIDIA Triton Inference Server README (release 22.08)},
  howpublished = {\url{https://github.com/triton-inference-server/server/blob/r22.08/README.md#documentation}},
  note = {Accessed: 2022-09-07}
}

@misc{triton_model_analyzer,
  author = {NVIDIA},
  title = {NVIDIA Triton Inference Server Model Analyzer},
  howpublished = {\url{https://github.com/triton-inference-server/model_analyzer}},
  note = {Accessed: 2022-09-07}
}

@misc{KServe,
  author = {KServe Authors},
  title = {KServe},
  howpublished = {\url{https://kserve.github.io/website/}},
  note = {Accessed: 2023-01-20}
}

@article{Guida:2015gvw,
    author = "Guida, S. Di and Govi, G. and Ojeda, M. and Pfeiffer, A. and Sipos, R.",
    title = "{The CMS Condition Database System}",
    doi = "10.1088/1742-6596/664/4/042024",
    journal = "J. Phys. Conf. Ser.",
    volume = "664",
    number = "4",
    pages = "042024",
    year = "2015"
}

@article{Bauerdick:2012st,
    author = "Bauerdick, L. and others",
    editor = {Ernst, Michael and D\"ullmann, Dirk and Rind, Ofer and Wong, Tony},
    title = "{Using Xrootd to Federate Regional Storage}",
    reportNumber = "FERMILAB-CONF-12-839-CD",
    doi = "10.1088/1742-6596/396/4/042009",
    journal = "J. Phys. Conf. Ser.",
    volume = "396",
    pages = "042009",
    year = "2012"
}


@article{Cacciari:2008gp,
    author = "Cacciari, Matteo and Salam, Gavin P. and Soyez, Gregory",
    title = "{The anti-$k_t$ jet clustering algorithm}",
    eprint = "0802.1189",
    archivePrefix = "arXiv",
    primaryClass = "hep-ph",
    reportNumber = "LPTHE-07-03",
    doi = "10.1088/1126-6708/2008/04/063",
    journal = "JHEP",
    volume = "04",
    pages = "063",
    year = "2008"
}

@misc{onnx,
  author = {ONNX},
  title = {Open Neural Network Exchange (ONNX)},
  howpublished = {\url{https://github.com/onnx/onnx}},
  note = {Accessed: 2022-09-07}
}

@phdthesis{DeepMET,
    title    = {A New Deep-Neural-Network--Based Missing Transverse Momentum Estimator, and its Application to W Recoil},
    school   = {University of Maryland, College Park},
    author   = {Yongbin Feng},
    year     = {2020},
    doi = {10.13016/e6ze-zycc},
	url = {https://doi.org/10.13016/e6ze-zycc},
}

@misc{tensorflow,
title={ {TensorFlow}: Large-Scale Machine Learning on Heterogeneous Systems},
url={https://www.tensorflow.org/},
note={Software available from tensorflow.org},
author={
    Mart\'{i}n~Abadi and
    Ashish~Agarwal and
    Paul~Barham and
    Eugene~Brevdo and
    Zhifeng~Chen and
    Craig~Citro and
    Greg~S.~Corrado and
    Andy~Davis and
    Jeffrey~Dean and
    Matthieu~Devin and
    Sanjay~Ghemawat and
    Ian~Goodfellow and
    Andrew~Harp and
    Geoffrey~Irving and
    Michael~Isard and
    Yangqing Jia and
    Rafal~Jozefowicz and
    Lukasz~Kaiser and
    Manjunath~Kudlur and
    Josh~Levenberg and
    Dandelion~Man\'{e} and
    Rajat~Monga and
    Sherry~Moore and
    Derek~Murray and
    Chris~Olah and
    Mike~Schuster and
    Jonathon~Shlens and
    Benoit~Steiner and
    Ilya~Sutskever and
    Kunal~Talwar and
    Paul~Tucker and
    Vincent~Vanhoucke and
    Vijay~Vasudevan and
    Fernanda~Vi\'{e}gas and
    Oriol~Vinyals and
    Pete~Warden and
    Martin~Wattenberg and
    Martin~Wicke and
    Yuan~Yu and
    Xiaoqiang~Zheng},
  year={2015},
}

@article{Holzman:2017jgg,
    author = "Holzman, Burt and others",
    title = "{HEPCloud, a New Paradigm for HEP Facilities: CMS Amazon Web Services Investigation}",
    eprint = "1710.00100",
    archivePrefix = "arXiv",
    primaryClass = "cs.DC",
    reportNumber = "FERMILAB-PUB-17-092-CD",
    doi = "10.1007/s41781-017-0001-9",
    journal = "Comput. Softw. Big Sci.",
    volume = "1",
    pages = "1",
    year = "2017"
}

@misc{slurm,
  author = {SchedMD},
  title = {Slurm workload manager},
  howpublished = {\url{https://slurm.schedmd.com/documentation.html}},
  note = {Accessed: 2022-09-07}
}

@incollection{pytorch,
title = {PyTorch: An Imperative Style, High-Performance Deep Learning Library},
author = {Paszke, Adam and Gross, Sam and Massa, Francisco and Lerer, Adam and Bradbury, James and Chanan, Gregory and Killeen, Trevor and Lin, Zeming and Gimelshein, Natalia and Antiga, Luca and Desmaison, Alban and Kopf, Andreas and Yang, Edward and DeVito, Zachary and Raison, Martin and Tejani, Alykhan and Chilamkurthy, Sasank and Steiner, Benoit and Fang, Lu and Bai, Junjie and Chintala, Soumith},
booktitle = {Advances in Neural Information Processing Systems 32},
editor = {H. Wallach and H. Larochelle and A. Beygelzimer and F. d\textquotesingle Alch\'{e}-Buc and E. Fox and R. Garnett},
pages = {8024},
year = {2019},
publisher = {Curran Associates, Inc.},
url = {http://papers.neurips.cc/paper/9015-pytorch-an-imperative-style-high-performance-deep-learning-library.pdf},
eprint={1912.01703},
archivePrefix={arXiv}
}

@techreport{CMS:2815292,
      author        = "{CMS Offline Software and Computing}",
      title         = "{CMS Phase-2 Computing Model: Update Document}",
      number  = "CMS-NOTE-2022-008, CERN-CMS-NOTE-2022-008",
      type = {{CMS Note}},      
      year          = "2022",
      url           = "https://cds.cern.ch/record/2815292",
}

@misc{tensorRT,
  author = {NVIDIA Developer},
  title = {NVIDIA TensorRT},
  howpublished = {\url{https://developer.nvidia.com/tensorrt}},
  note = {Accessed: 2022-09-07}
}


@book{Bruning:2015dfu,
    editor = {Br\"uning, Oliver and Rossi, Lucio},
    title = "{The High Luminosity Large Hadron Collider}: {the new machine for illuminating the mysteries of Universe}",
    doi = "10.1142/9581",
    isbn = "978-981-4675-46-8, 978-981-4678-14-8",
    volume = "24",
    year = "2015",
	publisher = {World Scientific},
}


@techreport{Zabi:2020gjd,
    author = "{CMS Collaboration}",
    collaboration = "CMS",
    title = "{The Phase-2 Upgrade of the CMS Level-1 Trigger}",
    number = "CERN-LHCC-2020-004, CMS-TDR-021",
    type = "{CMS Technical Design Report}",
    year = "2020",
    url = {https://cds.cern.ch/record/2714892}
}

@techreport{2137107,
    author = "{ATLAS Collaboration}",
    collaboration = "ATLAS",
    title = "{Technical Design Report for the Phase-II Upgrade of the ATLAS TDAQ System}",
    type = "{ATLAS Technical Design Report}",
    number = "CERN-LHCC-2017-020, ATLAS-TDR-029",
    doi = "10.17181/CERN.2LBB.4IAL",
    url = {https://cds.cern.ch/record/2285584},
    year = {2017}
}

@article{Massironi_2020,
doi = {10.1088/1742-6596/1525/1/012040},
url = {https://dx.doi.org/10.1088/1742-6596/1525/1/012040},
year = {2020},
publisher = {IOP Publishing},
volume = {1525},
pages = {012038},
author = {Massironi, Andrea and Khristenko, Viktor and DAlfonso, Mariarosaria},
title = {Heterogeneous computing for the local reconstruction algorithms of the CMS calorimeters},
journal = {Journal of Physics: Conference Series}
}

@inproceedings{FaaST,
	doi = {10.1109/h2rc51942.2020.00010},
	url = {https://doi.org/10.1109/h2rc51942.2020.00010},
	year = 2020,
	publisher = {{IEEE}},
	author = {Rankin, Dylan and Krupa, Jeffrey and Harris, Philip and Acosta Flechas, Maria and Holzman, Burt and Klijnsma, Thomas and Pedro, Kevin and Tran, Nhan and Hauck, Scott and Hsu, Shih-Chieh and Trahms, Matthew and Lin, Kelvin and Lou, Yu and Ho, Ta-Wei and Duarte, Javier and Liu, Mia},
	title = {{FPGAs}-as-a-Service Toolkit ({FaaST})},
	booktitle = {2020 {IEEE}/{ACM} International Workshop on Heterogeneous High-performance Reconfigurable Computing (H2RC)}
}

@techreport{Software:2751565,
      author        = "{CMS Offline Software and Computing}",
      title         = "{Evolution of the CMS Computing Model towards Phase-2}",
      institution   = "CERN",
      reportNumber  = "CMS-NOTE-2021-001, CERN-CMS-NOTE-2021-001",
      address       = "Geneva",
      year          = "2021",
      url           = "https://cds.cern.ch/record/2751565",
}
@article{Duarte:2018ite,
    author = "Duarte, Javier and others",
    title = "{Fast inference of deep neural networks in FPGAs for particle physics}",
    eprint = "1804.06913",
    archivePrefix = "arXiv",
    primaryClass = "physics.ins-det",
    reportNumber = "FERMILAB-PUB-18-089-E",
    doi = "10.1088/1748-0221/13/07/P07027",
    journal = "JINST",
    volume = "13",
    number = "07",
    pages = "P07027",
    year = "2018"
}

@article{Rizzi:2019rsi,
    author = "Rizzi, Andrea and Petrucciani, Giovanni and Peruzzi, Marco",
    editor = "Forti, A. and Betev, L. and Litmaath, M. and Smirnova, O. and Hristov, P.",
    collaboration = "CMS",
    title = "{A further reduction in CMS event data for analysis: the NANOAOD format}",
    reportNumber = "CMS-CR-2018-396",
    doi = "10.1051/epjconf/201921406021",
    journal = "EPJ Web Conf.",
    volume = "214",
    pages = "06021",
    year = "2019"
}
