@Article{Chatrchyan:2008zzk,
     author    = "Chatrchyan, S. and others",
     collaboration = "CMS",
     title     = "The {CMS} experiment at the {CERN} {LHC}",
     journal   = "JINST",
     volume    = "3",
     year      = "2008",
     pages     = "S08004",
     doi       = "10.1088/1748-0221/3/08/S08004",
     SLACcitation  = "%%CITATION = JINST,3,S08004;%%"
}
@Article{Pumplin:2002vw,
      author         = "Jonathan Pumplin and Daniel Robert Stump and Joey Huston and Hung-Liang Lai and Pavel Nadolsky and Wu-Ki Tung",
      title          = "{New generation of parton distributions with
                        uncertainties from global QCD analysis}",
      journal        = "JHEP",
      volume         = "07",
      pages          = "012",
      doi            = "10.1088/1126-6708/2002/07/012",
      year           = "2002",
      eprint         = "hep-ph/0201195",
      archivePrefix  = "arXiv",
      primaryClass   = "hep-ph",
      reportNumber   = "MSU-HEP-011101",
}
@article{Lai:2010vv,
      author         = "Lai, Hung-Liang and Guzzi, Marco and Huston, Joey and Li,
                        Zhao and Nadolsky, Pavel M. and Pumplin, Jon and Yuan, C.-P.",
      title          = "New parton distributions for collider physics",
      journal        = "Phys. Rev. D",
      volume         = "82",
      pages          = "074024",
      doi            = "10.1103/PhysRevD.82.074024",
      year           = "2010",
      eprint         = "1007.2241",
      archivePrefix  = "arXiv",
      primaryClass   = "hep-ph",
      reportNumber   = "MSUHEP-100707, SMU-HEP-10-10",
      SLACcitation   = "%%CITATION = ARXIV:1007.2241;%%",
}
@article{Nadolsky:2008zw,
      author         = "Nadolsky, Pavel M. and Lai, Hung-Liang and Cao, Qing-Hong
                        and Huston, Joey and Pumplin, Jon and Stump, Daniel and Tung, Wu-Ki and Yuan, C.-P.",
      title          = "{Implications of CTEQ global analysis for collider
                        observables}",
      journal        = "Phys. Rev. D",
      volume         = "78",
      pages          = "013004",
      doi            = "10.1103/PhysRevD.78.013004",
      year           = "2008",
      eprint         = "0802.0007",
      archivePrefix  = "arXiv",
      primaryClass   = "hep-ph",
      reportNumber   = "MSUHEP-080125, UCRHEP-T447",
      SLACcitation   = "%%CITATION = ARXIV:0802.0007;%%",
}
@Article{Lai:2010nw,
     author    = "Lai, Hung-Liang and Joey Huston and Zhao Li and Pavel Nadolsky and Jon Pumplin and Daniel Stump and Yuan, C.-P.",
     title     = "Uncertainty induced by {QCD} coupling in the {CTEQ} global
                  analysis of parton distributions",
     journal   = "Phys. Rev. D",
     volume    = "82",
     year      = "2010",
     pages     = "054021",
     eprint    = "1004.4624",
     archivePrefix = "arXiv",
     primaryClass  =  "hep-ph",
     doi       = "10.1103/PhysRevD.82.054021",
     reportNumber   = "MSUHEP-100421, SMU-HEP-10-07",
     SLACcitation   = "%%CITATION = ARXIV:1004.4624;%%",
}
@Article{GEANT4,
     author    = "Agostinelli, S. and others",
     collaboration = "GEANT4",
     title     = "{GEANT4}---a simulation toolkit",
     journal   = "Nucl. Instrum. Meth. A",
     volume    = "506",
     year      = "2003",
     pages     = "250",
     doi       = "10.1016/S0168-9002(03)01368-8",
     SLACcitation  = "%%CITATION = NUIMA,A506,250;%%"
}
@Article{MadGraph,
      author         = "Alwall, Johan and Herquet, Michel and Maltoni, Fabio and
                        Mattelaer, Olivier and Stelzer, Tim",
      title          = "{MadGraph 5: going beyond}",
      journal        = "JHEP",
      volume         = "06",
      year           = "2011",
      pages          = "128",
      doi            = "10.1007/JHEP06(2011)128",
      eprint         = "1106.0522",
      archivePrefix  = "arXiv",
      primaryClass   = "hep-ph",
      reportNumber   = "FERMILAB-PUB-11-448-T",
      SLACcitation   = "%%CITATION = ARXIV:1106.0522;%%",
}
@Article{Frederix2012,
      author="Frederix, Rikkert and Frixione, Stefano",
      title="Merging meets matching in {MC@NLO}",
      journal="JHEP",
      year="2012",
      volume="12",
      number="12",
      pages="61",
      doi="10.1007/JHEP12(2012
      eprint         = "1209.6215",
      archivePrefix  = "arXiv",
      primaryClass   = "hep-ph",
      reportNumber   = "CERN-PH-TH-2012-247, ZU-TH-21-12",
      SLACcitation   = "%%CITATION = ARXIV:1209.6215;%%"
}

@article{Alwall:2007fs,
      author         = "Alwall, J. and H{\"o}che, S. and Krauss, F. and
                        Lavesson, N. and L{\"o}nnblad, L. and Maltoni, F. and
                        Mangano, M. L. and Moretti, M. and Papadopoulos, C. G. and
                        Piccinini, F. and Schumann, S. and Treccani, M. and
                        Winter, J. and Worek, M.",
      title          = "Comparative study of various algorithms for the merging
                        of parton showers and matrix elements in hadronic
                        collisions",
      journal        = "Eur. Phys. J. C",
      volume         = "53",
      pages          = "473",
      doi            = "10.1140/epjc/s10052-007-0490-5",
      year           = "2008",
      eprint         = "0706.2569",
      archivePrefix  = "arXiv",
      primaryClass   = "hep-ph",
      reportNumber   = "SLAC-PUB-12604, CERN-PH-TH-2007-066, LU-TP-07-13,
                        KA-TP-06-2007, DCPT-07-62, IPPP-07-31",
      SLACcitation   = "%%CITATION = ARXIV:0706.2569;%%",
}
@article{Frixione:2003ei,
      author         = "Frixione, Stefano and Nason, Paolo and Webber, Bryan R.",
      title          = "Matching {NLO QCD} and parton showers in heavy flavor
                        production",
      journal        = "JHEP",
      volume         = "08",
      pages          = "007",
      doi            = "10.1088/1126-6708/2003/08/007",
      year           = "2003",
      eprint         = "hep-ph/0305252",
      archivePrefix  = "arXiv",
      primaryClass   = "hep-ph",
      reportNumber   = "BICOCCA-FT-03-11, CAVENDISH-HEP-03-03, CERN-TH-2003-102,
                        GEF-TH-5-2003",
      SLACcitation   = "%%CITATION = HEP-PH/0305252;%%",
}
@comment{
POWHEG1
}
@article{Nason:2004rx,
      author         = "Nason, Paolo",
      title          = "A new method for combining {NLO QCD} with shower {M}onte
                        {C}arlo algorithms",
      journal        = "JHEP",
      volume         = "11",
      pages          = "040",
      doi            = "10.1088/1126-6708/2004/11/040",
      year           = "2004",
      eprint         = "hep-ph/0409146",
      archivePrefix  = "arXiv",
      primaryClass   = "hep-ph",
      reportNumber   = "BICOCCA-FT-04-11",
      SLACcitation   = "%%CITATION = HEP-PH/0409146;%%",
}
@comment{
POWHEG2
}
@article{Frixione:2007vw,
      author         = "Frixione, Stefano and Nason, Paolo and Oleari, Carlo",
      title          = "{Matching NLO QCD computations with parton shower
                        simulations: the POWHEG method}",
      journal        = "JHEP",
      volume         = "11",
      pages          = "070",
      doi            = "10.1088/1126-6708/2007/11/070",
      year           = "2007",
      eprint         = "0709.2092",
      archivePrefix  = "arXiv",
      primaryClass   = "hep-ph",
      reportNumber   = "BICOCCA-FT-07-9, GEF-TH-21-2007",
      SLACcitation   = "%%CITATION = ARXIV:0709.2092;%%",
}
@comment{
POWHEG3
}
@article{Alioli:2010xd,
      author         = "Alioli, Simone and Nason, Paolo and Oleari, Carlo and Re,
                        Emanuele",
      title          = "{A general framework for implementing NLO calculations in
                        shower Monte Carlo programs: the POWHEG BOX}",
      journal        = "JHEP",
      volume         = "06",
      pages          = "043",
      doi            = "10.1007/JHEP06(2010)043",
      year           = "2010",
      eprint         = "1002.2581",
      archivePrefix  = "arXiv",
      primaryClass   = "hep-ph",
      reportNumber   = "DESY-10-018, SFB-CPP-10-22, IPPP-10-11, DCPT-10-22",
      SLACcitation   = "%%CITATION = ARXIV:1002.2581;%%",
}
@article{Alioli:2008gx,
      author         = "Alioli, Simone and Nason, Paolo and Oleari, Carlo and Re,
                        Emanuele",
      title          = "{NLO} vector-boson production matched with shower in
                        {POWHEG}",
      journal        = "JHEP",
      volume         = "07",
      pages          = "060",
      doi            = "10.1088/1126-6708/2008/07/060",
      year           = "2008",
      eprint         = "0805.4802",
      archivePrefix  = "arXiv",
      primaryClass   = "hep-ph",
      reportNumber   = "NSF-KITP-08-74",
      SLACcitation   = "%%CITATION = ARXIV:0805.4802;%%",
}
@article{Alioli:2009je,
      author         = "Alioli, Simone and Nason, Paolo and Oleari, Carlo and Re,
                        Emanuele",
      title          = "{NLO single-top production matched with shower in POWHEG:
                        $s$- and $t$-channel contributions}",
      journal        = "JHEP",
      volume         = "09",
      pages          = "111",
      doi            = "10.1088/1126-6708/2009/09/111",
      note           = "[Erratum: \DOI{10.1007/JHEP02(2010)011}]",
      year           = "2009",
      eprint         = "0907.4076",
      archivePrefix  = "arXiv",
      primaryClass   = "hep-ph",
      SLACcitation   = "%%CITATION = ARXIV:0907.4076;%%",
}

@article{Alioli:2010xa,
      author         = "Alioli, Simone and Keith Hamilton and Paolo Nason and Carlo Oleari and Remanuele Re",
      title          = "Jet pair production in {POWHEG}",
      journal        = "JHEP",
      volume         = "04",
      pages          = "081",
      doi            = "10.1007/JHEP04(2011)081",
      year           = "2011",
      eprint         = "1012.3380",
      archivePrefix  = "arXiv",
      primaryClass   = "hep-ph",
      reportNumber   = "DESY-10-233, SFB-CPP-10-128, IPPP-10-100, DCPT-10-200,
                        MCNET-10-23",
      SLACcitation   = "%%CITATION = ARXIV:1012.3380;%%"
}

@article{Re:2010bp,
      author         = "Re, Emanuele",
      title          = "Single-top {$Wt$-channel} production matched with parton
                        showers using the {POWHEG} method",
      journal        = "Eur. Phys. J. C",
      volume         = "71",
      pages          = "1547",
      doi            = "10.1140/epjc/s10052-011-1547-z",
      year           = "2011",
      eprint         = "1009.2450",
      archivePrefix  = "arXiv",
      primaryClass   = "hep-ph",
      reportNumber   = "IPPP-10-74, DCPT-10-148",
      SLACcitation   = "%%CITATION = ARXIV:1009.2450;%%",
}
@article{Campbell:2012am,
   author         = "Campbell, John M. and Ellis, R. Keith and Frederix,
                     Rikkert and Nason, Paolo and Oleari, Carlo and Williams, Ciaran",
   title          = "{NLO Higgs boson production plus one and two jets using
                     the POWHEG BOX, MadGraph4 and MCFM}",
   journal        = "JHEP",
   volume         = "07",
   pages          = "092",
   doi            = "10.1007/JHEP07(2012)092",
   year           = "2012",
   eprint         = "1202.5475",
   archivePrefix  = "arXiv",
   primaryClass   = "hep-ph",
   reportNumber   = "FERMILAB-PUB-12-040-T, CERN-PH-TH-2012-048",
   SLACcitation   = "%%CITATION = ARXIV:1202.5475;%%",
}
@Article{Pumplin:2002vw,
      author         = "Pumplin, Jonathan and Daniel Robert Stump and Joey Huston and Hung-Liang Lai and Pavel Nadolsky and Wu-Ki Tung",
      title          = "New generation of parton distributions with uncertainties from global {QCD} analysis",
      journal        = "JHEP",
      volume         = "07",
      pages          = "012",
      year           = "2002",
      doi = "10.1088/1126-6708/2002/07/012",
      eprint         = "hep-ph/0201195",
      archivePrefix  = "arXiv",
      primaryClass   = "hep-ph",
      reportNumber   = "MSU-HEP-011101",
      SLACcitation   = "%%CITATION = HEP-PH/0201195;%%",
}
@unpublished{Alekhin:2011sk,
      author         = "Alekhin, Sergey and others",
      title          = "{The PDF4LHC Working Group Interim Report}",
      year           = "2011",
      eprint         = "1101.0536",
      archivePrefix  = "arXiv",
      primaryClass   = "hep-ph",
      SLACcitation   = "%%CITATION = ARXIV:1101.0536;%%",
}

@unpublished{Botje:2011sn,
      author         = "Botje, Michiel and Butterworth, Jon and Cooper-Sarkar,
                        Amanda and de Roeck, Albert and Feltesse, Joel and Forte, Stefano
                        and Glazov, Alexander and Huston, Joey and McNulty, Ronan and Sj{\"o}strand, Torb{\"o}rn
                        and Thorne, Robert S.",
      title          = "{The PDF4LHC Working Group Interim Recommendations}",
      year           = "2011",
      eprint         = "1101.0538",
      archivePrefix  = "arXiv",
      primaryClass   = "hep-ph",
      SLACcitation   = "%%CITATION = ARXIV:1101.0538;%%",
}
@article{Alioli:2009je,
      author         = "Alioli, Simone and Nason, Paolo and Oleari, Carlo and Re,
                        Emanuele",
      title          = "{NLO single-top production matched with shower in POWHEG:
                        $s$- and $t$-channel contributions}",
      journal        = "JHEP",
      volume         = "09",
      pages          = "111",
      doi            = "10.1088/1126-6708/2009/09/111",
      note           = "[Erratum: \DOI{10.1007/JHEP02(2010)011}]",
      year           = "2009",
      eprint         = "0907.4076",
      archivePrefix  = "arXiv",
      primaryClass   = "hep-ph",
      SLACcitation   = "%%CITATION = ARXIV:0907.4076;%%",
}

@article{Alwall:2014hca,
      author         = "Alwall, J. and Frederix, R. and Frixione, S. and Hirschi,
                        V. and Maltoni, F. and Mattelaer, O. and Shao, H.-S. and Stelzer, T. and Torielli, P.
                        and Zaro, M.",
      title          = "The automated computation of tree-level and
                        next-to-leading order differential cross sections, and
                        their matching to parton shower simulations",
      journal        = "JHEP",
      volume         = "07",
      pages          = "079",
      doi            = "10.1007/JHEP07(2014)079",
      year           = "2014",
      eprint         = "1405.0301",
      archivePrefix  = "arXiv",
      primaryClass   = "hep-ph",
      reportNumber   = "CERN-PH-TH-2014-064, CP3-14-18, LPN14-066, MCNET-14-09,
                        ZU-TH-14-14",
      SLACcitation   = "%%CITATION = ARXIV:1405.0301;%%",
}
@techreport{Dittmaier:2011ti,
        Archiveprefix = {arXiv},
        Author = {{LHC Higgs Cross Section Working Group} and Dittmaier, S. and others},
        Eprint = {1101.0593},
        Number = {CERN-2011-002},
        Primaryclass = {hep-ph},
        Title = {Handbook of {LHC} {H}iggs Cross Sections: 1. Inclusive Observables},
        Type = {CERN Report},
        doi = "10.5170/CERN-2011-002",
        Year = {2011},
}
@techreport{Dittmaier:2012vm,
        Archiveprefix = {arXiv},
        Author = {{LHC Higgs Cross Section Working Group} and Dittmaier, S. and others},
        Eprint = {1201.3084},
        Type = "CERN Report",
        Number = {CERN-2012-002},
        Primaryclass = {hep-ph},
        Slaccitation = {%%CITATION = ARXIV:1201.3084;%%},
        Title = {Handbook of {LHC} {Higgs} Cross Sections: 2. Differential Distributions},
        Year = {2012},
        doi            = "10.5170/CERN-2012-002"
}
@techreport{Heinemeyer:2013tqa,
      author         = "Heinemeyer, S and others",
      editor         = "Heinemeyer, S",
      title          = "Handbook of {LHC} {Higgs} cross sections: 3. {Higgs}
                        properties",
      type           = "CERN Report",
      number         = "CERN-2013-004",
      doi            = "10.5170/CERN-2013-004",
      year           = "2013",
      eprint         = "1307.1347",
      archivePrefix  = "arXiv",
      primaryClass   = "hep-ph",
      reportNumber   = "CERN-2013-004",
      SLACcitation   = "%%CITATION = ARXIV:1307.1347;%%",
}
@techreport{deFlorian:2016spz,
      author = "D. de Florian and others",
      editor         = "de Florian, D. and C. Grojean and F. Maltoni and C. Mariotti and A. Nikitenko and M. Pieri and P. Savard and M. Schumacher and R. Tanaka",
      title          = "Handbook of {LHC} {H}iggs cross sections: 4. {D}eciphering the
                        nature of the {H}iggs sector",
      doi = "10.23731/CYRM-2017-002",
      year           = "2016",
      eprint         = "1610.07922",
      archivePrefix  = "arXiv",
      primaryClass   = "hep-ph",
      TYPE        = "CERN Report",
      NUMBER      = "CERN-2017-002-M",
      reportNumber   = " CERN-2017-002-M",
      SLACcitation   = "%%CITATION = ARXIV:1610.07922;%%"
}

@article{Gao:2013xoa,
      author         = "Gao, Jun and Guzzi, Marco and Huston, Joey and Lai,
                        Hung-Liang and Li, Zhao and Nadolsky, Pavel and Pumplin, Jon and Stump, Daniel and Yuan, C.-P.",
      title          = "{CT10} next-to-next-to-leading order global analysis of {QCD}",
      journal        = "Phys. Rev. D",
      volume         = "89",
      pages          = "033009",
      doi            = "10.1103/PhysRevD.89.033009",
      year           = "2014",
      eprint         = "1302.6246",
      archivePrefix  = "arXiv",
      primaryClass   = "hep-ph",
      reportNumber   = "SMU-HEP-12-23",
      SLACcitation   = "%%CITATION = ARXIV:1302.6246;%%",
}
@article{Ball:2010de,
      author         = "Ball, Richard D. and Del Debbio, Luigi and Forte, Stefano
                        and Guffanti, Alberto and Latorre, Jos{\'e} I. and Rojo, Juan and Ubiali, Maria",
      title          = "A first unbiased global {NLO} determination of parton
                        distributions and their uncertainties",
      collaboration  = "NNPDF",
      journal        = "Nucl. Phys. B",
      volume         = "838",
      pages          = "136",
      doi            = "10.1016/j.nuclphysb.2010.05.008",
      year           = "2010",
      eprint         = "1002.4407",
      archivePrefix  = "arXiv",
      primaryClass   = "hep-ph",
      reportNumber   = "EDINBURGH-2010-05, IFUM-952-FT, FR-PHENO-2010-014,
                        CP3-10-08",
      SLACcitation   = "%%CITATION = ARXIV:1002.4407;%%",
}
@article{Ball:2012cx,
      author         = "Ball, Richard D. and Bertone, Valerio and Carrazza,
                        Stefano and Deans, Christopher S. and Del Debbio, Luigi
                        and Forte, Stefano and Guffanti, Alberto and Hartland, Nathan P. and Latorre,
                        Jos{\`e} I. and Rojo, Juan and Ubiali, Maria",
      title          = "{Parton distributions with LHC data}",
      collaboration  = "NNPDF",
      journal        = "Nucl. Phys. B",
      volume         = "867",
      pages          = "244",
      doi            = "10.1016/j.nuclphysb.2012.10.003",
      year           = "2013",
      eprint         = "1207.1303",
      archivePrefix  = "arXiv",
      primaryClass   = "hep-ph",
      reportNumber   = "EDINBURGH-2012-08, IFUM-FT-997, FR-PHENO-2012-014,
                        RWTH-TTK-12-25, CERN-PH-TH-2012-037, SFB-CPP-12-47",
      SLACcitation   = "%%CITATION = ARXIV:1207.1303;%%",
}
@article{Ball:2014uwa,
      author         = "Ball, Richard D. and Bertone, Valerio and Carrazza, Stefano and Deans, Christopher S. and Del Debbio, Luigi and Forte, Stefano
                        and Guffanti, Alberto and Hartland, Nathan P. and Latorre, Jos{\'e} I. and Rojo, Juan and Ubiali, Maria",
      title          = "Parton distributions for the {LHC Run II}",
      collaboration  = "NNPDF",
      journal        = "JHEP",
      volume         = "04",
      year           = "2015",
      pages          = "040",
      doi            = "10.1007/JHEP04(2015)040",
      eprint         = "1410.8849",
      archivePrefix  = "arXiv",
      primaryClass   = "hep-ph",
      reportNumber   = "EDINBURGH-2014-15, IFUM-1034-FT, CERN-PH-TH-2013-253,
                        OUTP-14-11P, CAVENDISH-HEP-14-11",
      SLACcitation   = "%%CITATION = ARXIV:1410.8849;%%"
}
@article{Ball:2011uy,
      author         = "Ball, Richard D. and Bertone, Valerio and Cerutti, Francesco and Del Debbio, Luigi and Forte, Stefano
                        and Guffanti, Alberto and Latorre, Jos{\'e} I. and Rojo, Juan and Ubiali, Maria",
     collaboration = "NNPDF",
  title = "Unbiased global determination of parton distributions and their uncertainties at {NNLO} and at {LO}",
  journal = "Nucl. Phys. B ",
  volume = "855",
  pages = "153",
  year = "2012",
  doi = "10.1016/j.nuclphysb.2011.09.024",
  eprint = "1107.2652",
  archivePrefix  = "arXiv",
  primaryClass   = "hep-ph"
}
@article{Buckley:2010ar,
      author         = "Buckley, Andy and Butterworth, Jonathan and Lonnblad,
                        Leif and Grellscheid, David and Hoeth, Hendrik and L{\"o}nnblad, Leif
                        and Monk, James and Shulz, Holger and Siegert, Frank",
      title          = "{Rivet user manual}",
      journal        = "Comput. Phys. Commun.",
      volume         = "184",
      pages          = "2803",
      doi            = "10.1016/j.cpc.2013.05.021",
      year           = "2013",
      eprint         = "1003.0694",
      archivePrefix  = "arXiv",
      primaryClass   = "hep-ph",
      reportNumber   = "MCNET-10-03",
      SLACcitation   = "%%CITATION = ARXIV:1003.0694;%%",
}
@article{Ball:2011mu,
      author         = "Ball, Richard D. and Bertone, Valerio and Cerutti,
                        Francesco and Del Debbio, Luigi and Forte, Stefano and
                        Guffanti, Alberto and Latorre, Jos{\'e} I. and Rojo, Juan and Ubiali, Maria",
      collaboration  = "NNPDF",
      title          = "Impact of heavy quark masses on parton distributions and
                        {LHC} phenomenology",
      journal        = "Nucl. Phys. B",
      volume         = "849",
      pages          = "296",
      doi            = "10.1016/j.nuclphysb.2011.03.021",
      year           = "2011",
      eprint         = "1101.1300",
      archivePrefix  = "arXiv",
      primaryClass   = "hep-ph",
      reportNumber   = "EDINBURGH-2011-01, IFUM-969-FT, FR-PHENO-2010-043,
                        RWTH-TTK-11-02",
      SLACcitation   = "%%CITATION = ARXIV:1101.1300;%%",
}
@article{Martin:2009iq,
     author         = "Martin, A. D. and Stirling, W. J. and Thorne, R. S. and
                       Watt, G.",
     title          = "Parton distributions for the {LHC}",
     journal        = "Eur. Phys. J. C",
     volume         = "63",
     pages          = "189",
     doi            = "10.1140/epjc/s10052-009-1072-5",
     year           = "2009",
     eprint         = "0901.0002",
     archivePrefix  = "arXiv",
     primaryClass   = "hep-ph",
}
@article{Bahr:2008pv,
      author         = "B{\"a}hr, Manuel and Gieseke, Stefan and Gigg, Martyn A. and Grellscheid,
                        David and Hamilton, Keith and Latunde-Dada, Oluseyi and Pl{\"a}tzer, Simon and Richardson, Peter
                        and Seymour, Michael H. and Sherstnev, Alexander and Webber, Bryan R.",
      title          = "Herwig++ physics and manual",
      journal        = "Eur. Phys. J. C",
      volume         = "58",
      pages          = "639",
      doi            = "10.1140/epjc/s10052-008-0798-9",
      year           = "2008",
      eprint         = "0803.0883",
      archivePrefix  = "arXiv",
      primaryClass   = "hep-ph",
      reportNumber   = "CERN-PH-TH-2008-038, CAVENDISH-HEP-08-03, KA-TP-05-2008,
                        DCPT-08-22, IPPP-08-11, CP3-08-05",
      SLACcitation   = "%%CITATION = ARXIV:0803.0883;%%",
}
@article{Stump:2003yu,
      author         = "Stump, Daniel and Huston, Joey and Pumplin, Jon and Tung,
                        Wu-Ki and Lai, Hung-Liang and Kuhlmann, Steve and Owens, Joseph Francis",
      title          = "Inclusive jet production, parton distributions, and the
                        search for new physics",
      journal        = "JHEP",
      volume         = "10",
      pages          = "046",
      doi            = "10.1088/1126-6708/2003/10/046",
      year           = "2003",
      eprint         = "hep-ph/0303013",
      archivePrefix  = "arXiv",
      primaryClass   = "hep-ph",
      reportNumber   = "MSU-HEP-030303",
      SLACcitation   = "%%CITATION = HEP-PH/0303013;%%",
}
@article{Beringer:1900zz,
      author         = "{Particle Data Group} and Beringer, J. and others",
      title          = "{Review of Particle Physics}",
      journal        = "Phys. Rev. D",
      volume         = "86",
      pages          = "010001",
      doi            = "10.1103/PhysRevD.86.010001",
      year           = "2012",
      SLACcitation   = "%%CITATION = PHRVA,D86,010001;%%",
}
@article{Agashe:2014kda,
	author = "{Particle Data Group} and Olive, K. A. and others",
	doi = {10.1088/1674-1137/38/9/090001},
	journal = {Chin. Phys. C},
	pages = {090001},
	Slaccitation = {%%CITATION = CHPHD,C38,090001;%%},
	Title = {{Review of Particle Physics}},
	Volume = {38},
	Year = {2014},
}

@article{Olive:2016xmw,
      author         = "{Particle Data Group} and Patrignani, C. and others",
      title          = "{Review of Particle Physics}",
     journal        = "Chin. Phys. C",
      volume         = "40",
      year           = "2016",
      pages          = "100001",
      doi            = "10.1088/1674-1137/40/10/100001",
      SLACcitation   = "%%CITATION = CHPHD,C40,100001;%%"
}

@article{Tanabashi:2018oca,
  title = {Review of Particle Physics},
  author = {{Particle Data Group} and Tanabashi, M. and others},
  journal = {Phys. Rev. D},
  volume = {98},
  pages = {030001},
  year = {2018},
  publisher = {American Physical Society},
  doi = {10.1103/PhysRevD.98.030001},
  SLACcitation   = "%%CITATION = PHRVA,D98,030001;%%"
}

@article{Zyla:2020zbs,
    author = "{Particle Data Group} and Zyla, P. A. and others",
    title = "{Review of Particle Physics}",
    doi = "10.1093/ptep/ptaa104",
    journal = "Prog. Theor. Exp. Phys.",
    volume = "2020",
    pages = "083C01",
    year = "2020"
}

@INPROCEEDINGS{RooStats,
  AUTHOR       = "Moneta, L. and Belasco, K. and  Cranmer, K. S. and Lazzaro, A. and Piparo, D. and Schott, G. and Verkerke, W. and Wolf, M. ",
  TITLE        = "The {R}oo{S}tats Project",
  BOOKTITLE = "13th International Workshop on Advanced Computing and Analysis Techniques in Physics Research (ACAT2010)",
  YEAR         = "2010",
  PUBLISHER = "SISSA",
  NOTE = "{PoS(ACAT2010)057}",
  doi            = "10.22323/1.093.0057",
  eprint = "1009.1003",
  primaryClass = "physics.data-an"
}
@article{Melia:2011tj,
      author         = "Melia, Tom and Nason, Paolo and R{\"o}ntsch, Raoul and
                        Zanderighi, Giulia",
      title          = "{$W^+W^-$, $WZ$ and $ZZ$ production in the POWHEG BOX}",
      journal        = "JHEP",
      volume         = "11",
      pages          = "078",
      doi            = "10.1007/JHEP11(2011)078",
      year           = "2011",
      eprint         = "1107.5051",
      archivePrefix  = "arXiv",
      primaryClass   = "hep-ph",
      SLACcitation   = "%%CITATION = ARXIV:1107.5051;%%",
}
@Article{Alwall:2007st,
     author    = "Alwall, Johan and Pavel Demin and Simon de Vischer and Rikkert Frederix and Michel Herquet and Fabio Maltoni
                  and Tilman Plehn and David L. Rainwater and Tim Stelzer",
     title     = "{MadGraph/MadEvent v4}: the new web generation",
     journal   = "JHEP",
     volume    = "09",
     year      = "2007",
     pages     = "028",
     eprint    = "0706.2334",
     archivePrefix = "arXiv",
     primaryClass  =  "hep-ph",
     doi       = "10.1088/1126-6708/2007/09/028",
     reportNumber   = "SLAC-PUB-12603, CP3-07-17",
     SLACcitation   = "%%CITATION = ARXIV:0706.2334;%%",
     }
@Article{Allison:2006ve,
     author    = "Allison, John and others",
     title     = "{GEANT4 developments and applications}",
     journal   = "IEEE Trans. Nucl. Sci.",
     volume    = "53",
     year      = "2006",
     pages     = "270",
     doi       = "10.1109/TNS.2006.869826",
     SLACcitation  = "%%CITATION = IETNA,53,270;%%"
}
@unpublished{ATLAS:2014wva,
      title          = "{First combination of Tevatron and LHC measurements of the top quark mass}",
      author    = "{ATLAS, CDF, CMS, and D0 collaborations}",
      year           = "2014",
      eprint         = "1403.4427",
      archivePrefix  = "arXiv",
      primaryClass   = "hep-ex",
      reportNumber   = "ATLAS-CONF-2014-008, CDF-NOTE-11071, CMS-PAS-TOP-13-014,
                        D0-NOTE-6416",
      SLACcitation   = "%%CITATION = ARXIV:1403.4427;%%",
}
@Article{Chatrchyan:2008zzk,
     author    = "Chatrchyan, S. and others",
     collaboration = "CMS",
     title     = "The {CMS} experiment at the {CERN} {LHC}",
     journal   = "JINST",
     volume    = "3",
     year      = "2008",
     pages     = "S08004",
     doi       = "10.1088/1748-0221/3/08/S08004",
     SLACcitation  = "%%CITATION = JINST,3,S08004;%%"
}
@InProceedings{Hocker:2007ht,
author  =       "Helge Voss and Andreas H{\"o}cker and J{\"o}rg Stelzer and Fredrik Tegenfeldt",
booktitle = "XIth International Workshop on Advanced Computing and Analysis Techniques in Physics Research (ACAT)",
title    =      "{TMVA}, the Toolkit for Multivariate Data Analysis with {ROOT}",
year     =      "2007",
pages    =      "40",
note       =     "{[PoS(ACAT)040]}",
doi            = "10.22323/1.050.0040",
eprint   =      "physics/0703039",
archivePrefix    =      "arXiv",
SLACcitation     =      "%%CITATION = PHYSICS/0703039;%%"
}

@inproceedings{Read:2002hq,
  author = "Read, A. L.",
  title = "Presentation of search results: the {CL}$_\mathrm{s}$ technique",
      booktitle      = "Durham IPPP Workshop: Advanced Statistical Techniques in Particle Physics",
     address =            "Durham, UK",
     month        = "March",
     note = "[J. Phys. G 28 (2002) 2693]",
      year           = "2002",
      pages          = "2693",
      doi            = "10.1088/0954-3899/28/10/313",
  SLACcitation   = "%%CITATION = JPHGB,G28,2693;%%",
}

@article{Junk:1999kv,
  title={Confidence level computation for combining searches with small statistics},
  author={Junk, Thomas},
  journal={Nucl. Inst. Meth. A},
  volume={434},
  pages={435},
  year={1999},
  doi = "10.1016/S0168-9002(99)00498-2",
  eprint = "hep-ex/9902226",
  archivePrefix = "arXiv",
  primaryClass = "hep-ex",
  reportNumber   = "CARLETON-OPAL-PHYS-99-01, CERN-EP-99-041",
  SLACcitation   = "%%CITATION = HEP-EX/9902006;%%"
}

@inproceedings{Conway:2011in,
	  Author = {Conway, J. S.},
	  Booktitle = {Proceedings of {PHYSTAT} 2011 Workshop on Statistical Issues Related to Discovery Claims in Search Experiments and Unfolding},
	  Editor = {H.B. Propser and L. Lyons},
	  ReportNumber = {CERN-2011-006},
	  Pages = {115},
	  Publisher = {CERN},
	  Title = {Nuisance Parameters in Likelihoods for Multisource Spectra},
        DOI = '10.5170/CERN-2011-006.115',
	  Year = {2011},

}


@phdthesis{SLAC-R-236,
     AUTHOR       = "Oreglia, M. J.",
     TITLE        = "A study of the reactions  $\psi^\prime \to \gamma \gamma \psi$",
     SCHOOL       = "Stanford University",
     note        = "{SLAC} Report {SLAC-R-236}, see Appendix {D}",
     URL          = "http://www.slac.stanford.edu/pubs/slacreports/slac-r-236.html",
     YEAR         = "1980"
}
@Article{Sjostrand:2006za,
      author         = "Sj{\"o}strand, Torbj{\"o}rn and Mrenna, Stephen and Skands, Peter",
      title          = "{PYTHIA} 6.4 physics and manual",
      journal        = "JHEP",
      volume         = "05",
      pages          = "026",
      doi            = "10.1088/1126-6708/2006/05/026",
      year           = "2006",
      eprint         = "hep-ph/0603175",
      archivePrefix  = "arXiv",
      primaryClass   = "hep-ph",
      reportNumber   = "FERMILAB-PUB-06-052-CD-T, LU-TP-06-13",
      SLACcitation   = "%%CITATION = HEP-PH/0603175;%%",
}
@Article{Sjostrand:2007gs,
     author         = "Sj{\"o}strand, Torbj{\"o}rn and Mrenna, Stephen and Skands, Peter",
      title          = "A brief introduction to {PYTHIA} 8.1",
      journal        = "Comp. Phys. Comm.",
      volume         = "178",
      pages          = "852",
      doi            = "10.1016/j.cpc.2008.01.036",
      year           = "2008",
      eprint         = "0710.3820",
      archivePrefix  = "arXiv",
      primaryClass   = "hep-ph",
      reportNumber   = "FERMILAB-PUB-07-512-CD-T, LU-TP-07-28",
      SLACcitation   = "%%CITATION = HEP-PH/0603175;%%",
}
@article{Sjostrand:2014zea,
      author         = "Sj{\"o}strand, Torbj{\"o}rn and Ask, Stefan and Christiansen,
                        Jesper R. and Corke, Richard and Desai, Nishita and Ilten,
                        Philip and Mrenna, Stephen and Prestel, Stefan and
                        Rasmussen, Christine O. and Skands, Peter Z.",
      title          = "An introduction to {PYTHIA} 8.2",
      journal        = "Comput. Phys. Commun.",
      volume         = "191",
      year           = "2015",
      pages          = "159",
      doi            = "10.1016/j.cpc.2015.01.024",
      eprint         = "1410.3012",
      archivePrefix  = "arXiv",
      primaryClass   = "hep-ph",
      reportNumber   = "LU-TP-14-36, MCNET-14-22, CERN-PH-TH-2014-190,
                        FERMILAB-PUB-14-316-CD, DESY-14-178, SLAC-PUB-16122",
      SLACcitation   = "%%CITATION = ARXIV:1410.3012;%%"
}

@article{SLHA,
   AUTHOR    = "Peter Skands and others",
     TITLE     = "{SUSY} {L}es {H}ouches accord: interfacing {SUSY} spectrum calculators, decay packages, and event generators",
     JOURNAL   = "JHEP",
     VOLUME    = "07",
     YEAR      = "2004",
     PAGES     = "036",
     doi       = "10.1088/1126-6708/2004/07/036",
     eprint         = "hep-ph/0311123",
     archivePrefix  = "arXiv",
     primaryClass   = "hep-ph",
}
@article{Beenakker:1996ch,
      author         = "Beenakker, W. and H{\"o}pker, R. and Spira, M. and Zerwas,
                        P. M.",
      title          = "Squark and gluino production at hadron colliders",
      journal        = "Nucl. Phys. B",
      volume         = "492",
      pages          = "51",
      doi            = "10.1016/S0550-3213(97)80027-2",
      year           = "1997",
      eprint         = "hep-ph/9610490",
      archivePrefix  = "arXiv",
      primaryClass   = "hep-ph",
      reportNumber   = "DESY-96-150, CERN-TH-96-215",
      SLACcitation   = "%%CITATION = HEP-PH/9610490;%%",
}
@article{Beenakker:2009ha,
      author         = "Beenakker, Wim and Brensing, Silja and Kr{\"a}mer, Michael
                        and Kulesza, Anna and Laenen, Eric and Niessen, Irene",
      title          = "Soft-gluon resummation for squark and gluino
                        hadroproduction",
      journal        = "JHEP",
      volume         = "12",
      pages          = "041",
      doi            = "10.1088/1126-6708/2009/12/041",
      year           = "2009",
      eprint         = "0909.4418",
      archivePrefix  = "arXiv",
      primaryClass   = "hep-ph",
      reportNumber   = "ITP-UU-09-33, NIKHEF-2009-015",
      SLACcitation   = "%%CITATION = ARXIV:0909.4418;%%",
}
@ARTICLE{Was:2000st,
     author    = "Z. W{\c{a}}s",
     title     = "{TAUOLA} the library for $\tau$ lepton decay, and {KKMC/KORALB/KORALZ/\ldots} status report",
     journal   = "Nucl. Phys. Proc. Suppl.",
     volume    = "98",
     year      = "2001",
     pages     = "96",
     eprint         = "hep-ph/0011305",
     archivePrefix  = "arXiv",
     primaryClass   = "hep-ph",
     doi       = "10.1016/S0920-5632(01)01200-2",
     SLACcitation   = "%%CITATION = HEP-PH/0011305;%%",
}
@article{Jadach:1993hs,
      author         = "Jadach, S. and W{\c{a}}s, Z. and Decker, R. and K{\"u}hn, J. H.",
      title          = "The $\tau$ decay library {TAUOLA}, version 2.4",
      journal        = "Comput. Phys. Commun.",
      volume         = "76",
      year           = "1993",
      pages          = "361",
      doi            = "10.1016/0010-4655(93)90061-G",
      reportNumber   = "CERN-TH-6793-93",
      SLACcitation   = "%%CITATION = CPHCB,76,361;%%"
}
@ARTICLE{Gleisberg:2008ta,
  author = {Gleisberg, T. and H{\"o}che, Stefan. and Krauss, F. and Sch{\"o}nherr, M. and Schumann, S. and Siegert, F. and Winter, J.},
  title = {Event generation with {SHERPA} 1.1},
  journal = {JHEP},
  year = {2009},
  volume = {02},
  pages = {007},
  archiveprefix = {arXiv},
  doi = {10.1088/1126-6708/2009/02/007},
  eprint = {0811.4622},
  primaryclass = {hep-ph},
  reportnumber = {FERMILAB-PUB-08-477-T, SLAC-PUB-13420, ZU-TH-17-08, DCPT-08-138, IPPP-08-69, EDINBURGH-2008-30, MCNET-08-14},
  slaccitation = {%%CITATION = ARXIV:0811.4622;%%}
}
@article{BLACKHAT,
      author         = "C. F. Berger and Z. Bern and L. J. Dixon and F. Febres Cordero and D. Forde and T. Gleisberg and H. Ita and D. A. Kosower and D. Ma{\"i}tre",
      title          = "{Next-to-leading order QCD predictions for W+3-Jet distributions at hadron colliders}",
      journal        = "Phys. Rev. D",
      volume         = "80",
      pages          = "074036",
      doi            = "10.1103/PhysRevD.80.074036",
      year           = "2009",
      eprint         = "0907.1984",
      archivePrefix  = "arXiv",
      primaryClass   = "hep-ph",
      reportNumber   = "SLAC-PUB-13680, UCLA/09/TEP/53, MIT-CTP 4047, Saclay-IPhT-T09/078, IPPP/09/46",
}
@Inproceedings{Field:2010bc,
      author         = "Field, Rick",
      title          = "Early {LHC} Underlying Event Data - Findings and
                        Surprises",
      booktitle        = "22nd Hadron Collider Physics Symposium (HCP 2010)",
      editor         = "William Trischuk",
      address        = "Toronto",
      year           = "2010",
      eprint         = "1010.3558",
      archivePrefix  = "arXiv",
      primaryClass   = "hep-ph",
      SLACcitation   = "%%CITATION = ARXIV:1010.3558;%%",
}
@inproceedings{RooUnfold,
      author         = "Adye, Tim",
      title          = "Unfolding algorithms and tests using {RooUnfold}",
      pages          = "313",
      year           = "2011",
      doi            = "10.5170/CERN-2011-006.313",
      booktitle      = "{PHYSTAT} 2011 Workshop on Statistical Issues Related to Discovery Claims in Search Experiments and Unfolding",
      address        = "Geneva, Switzerland",
      editor         = "Prosper, Harrison and Lyons, Louis",
      eprint         = "1105.1160",
      archivePrefix  = "arXiv",
      primaryClass   = "physics.data-an",
      SLACcitation   = "%%CITATION = ARXIV:1105.1160;%%",
}
@inproceedings{Kidonakis:2012db,
      author         = "Kidonakis, Nikolaos",
      title          = "{Differential and total cross sections for top pair and single top production}",
      booktitle      = "XX Int. Workshop on Deep-Inelastic Scattering and Related Subjects",
      address        = "Bonn, Germany",
      pages          = "831",
      doi            = "10.3204/DESY-PROC-2012-02/251",
      year           = "2012",
      eprint         = "1205.3453",
      archivePrefix  = "arXiv",
      primaryClass   = "hep-ph",
      SLACcitation   = "%%CITATION = ARXIV:1205.3453;%%",
}
@article{Martin:1997ns-original,
      author         = "Martin, Stephen P.",
      title          = "{A supersymmetry primer}",
      journal        = "Adv. Ser. Direct. High Energy Phys.",
      volume         = "18",
      pages          = "1",
      year           = "1998",
      doi            = "10.1142/9789812839657_0001",
      eprint         = "hep-ph/9709356",
      archivePrefix  = "arXiv",
      primaryClass   = "hep-ph",
      reportNumber   = "FERMILAB-PUB-97-425-T",
      SLACcitation   = "%%CITATION = HEP-PH/9709356;%%"
}
@Incollection{Martin:1997ns,
      author         = "Martin, Stephen P.",
      title          = "A Supersymmetry Primer",
      booktitle      = "{Perspectives on Supersymmetry II}",
      note       = "Adv. Ser. Direct. High Energy Phys., vol. 21",
      editor         = "Gordon L. Kane",
      pages          = "1",
      publisher      = "World Scientific",
      doi            = "10.1142/9789814307505_0001",
      year           = "2010",
      eprint         = "hep-ph/9709356",
      archivePrefix  = "arXiv",
      primaryClass   = "hep-ph",
      SLACcitation   = "%%CITATION = HEP-PH/9709356;%%",
}
@article{Cacciari:2011ma,
      author = "Cacciari, Matteo and Salam, Gavin P. and Soyez, Gregory",
      title = "{FastJet} user manual",
      journal = "Eur. Phys. J. C",
      volume = "72",
      pages = "1896",
      doi = "10.1140/epjc/s10052-012-1896-2",
      year = "2012",
      eprint = "1111.6097",
      archivePrefix = "arXiv",
      primaryClass = "hep-ph",
      reportNumber = "CERN-PH-TH-2011-297",
}
@article{Cacciari:2008gp,
      author         = "Cacciari, Matteo and Salam, Gavin P. and Soyez, Gregory",
      title          = "The anti-\kt jet clustering algorithm",
      journal        = "JHEP",
      volume         = "04",
      pages          = "063",
      doi            = "10.1088/1126-6708/2008/04/063",
      year           = "2008",
      eprint         = "0802.1189",
      archivePrefix  = "arXiv",
      primaryClass   = "hep-ph",
      reportNumber   = "LPTHE-07-03",
      SLACcitation   = "%%CITATION = ARXIV:0802.1189",
}
@Article{article{Gavin:2010az,
     author    = "Gavin, Ryan and Li, Ye and Petriello, Frand and Quackenbush, Seth",
     title     = "{FEWZ} 2.0: A code for hadronic {Z} production at next-to-next-to-leading order",
     journal   = "Comput. Phys. Commun.",
     volume    = "182",
     year      = "2011",
     pages     = "2388",
     doi       = "10.1016/j.cpc.2011.06.008",
     eprint         = "1011.3540",
     archivePrefix  = "arXiv",
     primaryClass   = "hep-ph"
}
@article{Corcella:2000bw,
      author         = "Corcella, Gennaro and Knowles, Ian G. and Marchesini, Giuseppe and
                        Moretti, Stefano and Odagiri, Kosuke and Richardson, Peter and Seymour, Michael H. and Webber, Bryan R.",
      title          = "{HERWIG} 6: an event generator for hadron emission
                        reactions with interfering gluons (including
                        supersymmetric processes)",
      journal        = "JHEP",
      volume         = "01",
      pages          = "010",
      doi            = "10.1088/1126-6708/2001/01/010",
      year           = "2001",
      eprint         = "hep-ph/0011363",
      archivePrefix  = "arXiv",
      primaryClass   = "hep-ph",
      reportNumber   = "CAVENDISH-HEP-99-03, CERN-TH-2000-284, RAL-TR-2000-048",
      SLACcitation   = "%%CITATION = HEP-PH/0011363;%%",
}
@article{Golfand:1971iw,
      author         = "Gol'fand, Yu. A. and Likhtman, E. P.",
      title          = "Extension of the algebra of {P}oincar{\'e} group generators
                        and violation of {P} invariance",
      journal        = "JETP Lett.",
      volume         = "13",
      pages          = "323",
      year           = "1971",
      url            = "http://www.jetpletters.ac.ru/ps/1584/article_24309.pdf",
      SLACcitation   = "%%CITATION = JTPLA,13,323;%%"
}

@article{Volkov:1972jx,
      author         = "Volkov, D. V. and Akulov, V. P.",
      title          = "Possible universal neutrino interaction",
      journal        = "JETP Lett.",
      volume         = "16",
      pages          = "438",
      year           = "1972",
      url            = "http://www.jetpletters.ac.ru/ps/1766/article_26864.pdf",
      SLACcitation   = "%%CITATION = JTPLA,16,438;%%"
}

@article{tHooft:1979bh,
      author         = "'t Hooft, Gerard",
      title          = "Naturalness, chiral symmetry, and spontaneous chiral
                        symmetry breaking",
      journal        = "NATO Sci. Ser. B",
      volume         = "59",
      pages          = "135",
      year           = "1980",
      doi            = "10.1007/978-1-4684-7571-5_9",
      reportNumber   = "PRINT-80-0083 (UTRECHT)",
      SLACcitation   = "%%CITATION = PRINT-80-0083 (UTRECHT) ETC.;%%",
}

@article{Butterworth:2015oua,
      author         = "Butterworth, Jon and others",
      title          = "{PDF4LHC} recommendations for {LHC Run II}",
      journal        = "J. Phys. G",
      volume         = "43",
      year           = "2016",
      pages          = "023001",
      doi            = "10.1088/0954-3899/43/2/023001",
      eprint         = "1510.03865",
      archivePrefix  = "arXiv",
      primaryClass   = "hep-ph",
      reportNumber   = "OUTP-15-17P, SMU-HEP-15-12, TIF-UNIMI-2015-14,
                        LCTS-2015-27, CERN-PH-TH-2015-249",
      SLACcitation   = "%%CITATION = ARXIV:1510.03865;%%"
}

@article{Cowan:2010js,
      author     = "Cowan, Glen and Cranmer, Kyle and Gross, Eilam and Vitells, Ofer",
      title          = "Asymptotic formulae for likelihood-based tests of new
                        physics",
      journal        = "Eur. Phys. J. C",
      volume         = "71",
      year           = "2011",
      pages          = "1554",
      doi            = "10.1140/epjc/s10052-011-1554-0",
      note           = "[Erratum: \DOI{10.1140/epjc/s10052-013-2501-z}]",
      eprint         = "1007.1727",
      archivePrefix  = "arXiv",
      primaryClass   = "physics.data-an",
      SLACcitation   = "%%CITATION = ARXIV:1007.1727;%%"
}
@article{Czakon:2011xx,
      author         = "Czakon, Micha{\l} and Mitov, Alexander",
      title          = "{Top++}: a program for the calculation of the top-pair
                        cross-section at hadron colliders",
      journal        = "Comput. Phys. Commun.",
      volume         = "185",
      year           = "2014",
      pages          = "2930",
      doi            = "10.1016/j.cpc.2014.06.021",
      eprint         = "1112.5675",
      archivePrefix  = "arXiv",
      primaryClass   = "hep-ph",
      reportNumber   = "CERN-PH-TH-2011-303, TTK-11-58",
      SLACcitation   = "%%CITATION = ARXIV:1112.5675;%%"
}
@Incollection{d'Enterria:2009am,
     author    = "d'Enterria, David",
     title     = "Jet quenching",
     editor    = "R. Stock",
     volume  = {23: Relativistic Heavy Ion Physics},
    booktitle   = {Springer Materials - The Landolt-B{\"or}nstein Database},
     publisher = "Springer-Verlag",
     pages = {99},
     year      = "2010",
     eprint    = "0902.2011",
     doi       = "10.1007/978-3-642-01539-7_16",
     archivePrefix = "arXiv",
     primaryClass  =  "nucl-ex",
     SLACcitation  = "%%CITATION = 0902.2011;%%"
}
@misc{ref:chollet2015keras,
      title={Keras},
      author={Chollet, Fran{\c{c}}ois and others},
      year={2015},
      howpublished={\url{https://keras.io}}
}
@techreport{Bjorken:1982tu,
    author = "Bjorken, J. D.",
    title = "Energy Loss of Energetic Partons in Quark-Gluon Plasma:
             Possible Extinction of High $\pt$ Jets in Hadron-Hadron Collisions",
    Number = "{FERMILAB-PUB-82-059-T}",
    Type = "Fermilab report",
    url  = "https://lss.fnal.gov/archive/1982/pub/Pub-82-059-T.pdf",
    year = "1982"
}